@article{Weininger_1988,
	title     = {SMILES, a chemical language and information system. 1. Introduction to methodology and encoding rules},
	volume    = {28},
	issn      = {0095-2338},
	url       = {https://doi.org/10.1021/ci00057a005},
	doi       = {10.1021/ci00057a005},
	number    = {1},
	journal   = {Journal of Chemical Information and Computer Sciences},
	publisher = {American Chemical Society},
	author    = {Weininger, David},
	year      = {1988},
	month     = feb,
	pages     = {31–36},
}
@article{Hochreiter_Schmidhuber_1997,
	title    = {Long Short-Term Memory},
	volume   = {9},
	issn     = {0899-7667, 1530-888X},
	url      = {https://direct.mit.edu/neco/article/9/8/1735-1780/6109},
	doi      = {10.1162/neco.1997.9.8.1735},
	number   = {8},
	journal  = {Neural Computation},
	author   = {Hochreiter, Sepp and Schmidhuber, Jürgen},
	year     = {1997},
	month    = nov,
	pages    = {1735–1780},
	language = {en},
}
@article{Irwin_Shoichet_2005,
	title    = {ZINC − A Free Database of Commercially Available Compounds for Virtual Screening},
	volume   = {45},
	issn     = {1549-9596, 1549-960X},
	url      = {https://pubs.acs.org/doi/10.1021/ci049714%2B},
	doi      = {10.1021/ci049714+},
	number   = {1},
	journal  = {Journal of Chemical Information and Modeling},
	author   = {Irwin, John J. and Shoichet, Brian K.},
	year     = {2005},
	month    = jan,
	pages    = {177–182},
	language = {en},
}
@article{Ertl_Schuffenhauer_2009,
	title    = {Estimation of synthetic accessibility score of drug-like molecules based on molecular complexity and fragment contributions},
	volume   = {1},
	rights   = {http://creativecommons.org/licenses/by/2.0},
	issn     = {1758-2946},
	url      = {https://jcheminf.biomedcentral.com/articles/10.1186/1758-2946-1-8},
	doi      = {10.1186/1758-2946-1-8},
	number   = {1},
	journal  = {Journal of Cheminformatics},
	author   = {Ertl, Peter and Schuffenhauer, Ansgar},
	year     = {2009},
	month    = dec,
	pages    = {8},
	language = {en},
}
@misc{Landrum_2010,
	title    = {RDKit: A software suite for cheminformatics, computational chemistry, and predictive modeling},
	author   = {Landrum, Greg},
	year     = {2010},
	month    = may,
	language = {en},
}
@article{Paul_Mytelka_Dunwiddie_Persinger_Munos_Lindborg_Schacht_2010,
	title     = {How to improve R&D productivity: the pharmaceutical industry’s grand challenge},
	volume    = {9},
	rights    = {2010 Springer Nature Limited},
	issn      = {1474-1784},
	url       = {https://www.nature.com/articles/nrd3078},
	doi       = {10.1038/nrd3078},
	number    = {3},
	journal   = {Nature Reviews Drug Discovery},
	publisher = {Nature Publishing Group},
	author    = {Paul, Steven M. and Mytelka, Daniel S. and Dunwiddie, Christopher T. and Persinger, Charles C. and Munos, Bernard H. and Lindborg, Stacy R. and Schacht, Aaron L.},
	year      = {2010},
	month     = mar,
	pages     = {203–214},
	language  = {en},
}
@article{Bickerton_Paolini_Besnard_Muresan_Hopkins_2012,
	title     = {Quantifying the chemical beauty of drugs},
	volume    = {4},
	rights    = {2011 Springer Nature Limited},
	issn      = {1755-4349},
	url       = {https://www.nature.com/articles/nchem.1243},
	doi       = {10.1038/nchem.1243},
	number    = {2},
	journal   = {Nature Chemistry},
	publisher = {Nature Publishing Group},
	author    = {Bickerton, G. Richard and Paolini, Gaia V. and Besnard, Jérémy and Muresan, Sorel and Hopkins, Andrew L.},
	year      = {2012},
	month     = feb,
	pages     = {90–98},
	language  = {en},
}
@article{Lipinski_Lombardo_Dominy_Feeney_2012,
	series     = {MOST CITED PAPERS IN THE HISTORY OF ADVANCED DRUG DELIVERY REVIEWS: A TRIBUTE TO THE 25TH ANNIVERSARY OF THE JOURNAL},
	title      = {Experimental and computational approaches to estimate solubility and permeability in drug discovery and development settings},
	volume     = {64},
	issn       = {0169-409X},
	url        = {https://www.sciencedirect.com/science/article/pii/S0169409X12002797},
	doi        = {10.1016/j.addr.2012.09.019},
	journal    = {Advanced Drug Delivery Reviews},
	author     = {Lipinski, Christopher A. and Lombardo, Franco and Dominy, Beryl W. and Feeney, Paul J.},
	year       = {2012},
	month      = dec,
	pages      = {4–17},
	collection = {MOST CITED PAPERS IN THE HISTORY OF ADVANCED DRUG DELIVERY REVIEWS: A TRIBUTE TO THE 25TH ANNIVERSARY OF THE JOURNAL},
}
@article{Polishchuk_Madzhidov_Varnek_2013,
	title    = {Estimation of the size of drug-like chemical space based on GDB-17 data},
	volume   = {27},
	issn     = {1573-4951},
	url      = {https://doi.org/10.1007/s10822-013-9672-4},
	doi      = {10.1007/s10822-013-9672-4},
	number   = {8},
	journal  = {Journal of Computer-Aided Molecular Design},
	author   = {Polishchuk, P. G. and Madzhidov, T. I. and Varnek, A.},
	year     = {2013},
	month    = aug,
	pages    = {675–679},
	language = {en},
}
@article{Avorn_2015,
	title    = {The \$2.6 billion pill - Methodologic and policy considerations},
	volume   = {372},
	issn     = {0028-4793},
	doi      = {10.1056/NEJMp1500848},
	number   = {20},
	journal  = {New England Journal of Medicine},
	author   = {Avorn, J.},
	year     = {2015},
	pages    = {1877–1879},
	language = {English},
}
@misc{Chelsea_Sierra_Voss_2015,
	title   = {Modeling Molecules with Recurrent Neural Networks – csvoss.com},
	url     = {https://csvoss.com/modeling-molecules-with-rnns},
	journal = {Modeling Molecules with Recurrent Neural Networks},
	author  = {Chelsea Sierra Voss},
	year    = {2015},
	month   = oct,
}
@article{Graves_Wayne_Reynolds_Harley_Danihelka_Grabska-Barwińska_Colmenarejo_Grefenstette_Ramalho_Agapiou_et_al._2016,
	title     = {Hybrid computing using a neural network with dynamic external memory},
	volume    = {538},
	rights    = {2016 Macmillan Publishers Limited, part of Springer Nature. All rights reserved.},
	issn      = {1476-4687},
	url       = {https://www.nature.com/articles/nature20101},
	doi       = {10.1038/nature20101},
	number    = {7626},
	journal   = {Nature},
	publisher = {Nature Publishing Group},
	author    = {Graves, Alex and Wayne, Greg and Reynolds, Malcolm and Harley, Tim and Danihelka, Ivo and Grabska-Barwińska, Agnieszka and Colmenarejo, Sergio Gómez and Grefenstette, Edward and Ramalho, Tiago and Agapiou, John and Badia, Adrià Puigdomènech and Hermann, Karl Moritz and Zwols, Yori and Ostrovski, Georg and Cain, Adam and King, Helen and Summerfield, Christopher and Blunsom, Phil and Kavukcuoglu, Koray and Hassabis, Demis},
	year      = {2016},
	month     = oct,
	pages     = {471–476},
	language  = {en},
}
@article{Kim_Thiessen_Bolton_Chen_Fu_Gindulyte_Han_He_He_Shoemaker_et_al._2016,
	title    = {PubChem Substance and Compound databases},
	volume   = {44},
	issn     = {0305-1048, 1362-4962},
	url      = {https://academic.oup.com/nar/article-lookup/doi/10.1093/nar/gkv951},
	doi      = {10.1093/nar/gkv951},
	number   = {D1},
	journal  = {Nucleic Acids Research},
	author   = {Kim, Sunghwan and Thiessen, Paul A. and Bolton, Evan E. and Chen, Jie and Fu, Gang and Gindulyte, Asta and Han, Lianyi and He, Jane and He, Siqian and Shoemaker, Benjamin A. and Wang, Jiyao and Yu, Bo and Zhang, Jian and Bryant, Stephen H.},
	year     = {2016},
	month    = jan,
	pages    = {D1202–D1213},
	language = {en},
}
@article{Bajusz_Ferenczy_Keserű_2017,
	title    = {Structure-based virtual screening approaches in kinase-directed drug discovery},
	volume   = {17},
	issn     = {1568-0266},
	doi      = {10.2174/1568026617666170224121313},
	number   = {20},
	journal  = {Current Topics in Medicinal Chemistry},
	author   = {Bajusz, D. and Ferenczy, G.G. and Keserű, G.M.},
	year     = {2017},
	pages    = {2235–2259},
	language = {English},
}
@article{Bjerrum_2017,
	title     = {SMILES Enumeration as Data Augmentation for Neural Network Modeling of Molecules},
	url       = {http://arxiv.org/abs/1703.07076},
	doi       = {10.48550/arXiv.1703.07076},
	number    = {arXiv:1703.07076},
	publisher = {arXiv},
	author    = {Bjerrum, Esben Jannik},
	year      = {2017},
	month     = may,
}
@article{Gaulton_Hersey_Nowotka_Bento_Chambers_Mendez_Mutowo_Atkinson_Bellis_Cibrián-Uhalte_et_al._2017,
	title   = {The ChEMBL database in 2017},
	volume  = {45},
	issn    = {0305-1048},
	url     = {https://doi.org/10.1093/nar/gkw1074},
	doi     = {10.1093/nar/gkw1074},
	number  = {D1},
	journal = {Nucleic Acids Research},
	author  = {Gaulton, Anna and Hersey, Anne and Nowotka, Michał and Bento, A. Patrícia and Chambers, Jon and Mendez, David and Mutowo, Prudence and Atkinson, Francis and Bellis, Louisa J. and Cibrián-Uhalte, Elena and Davies, Mark and Dedman, Nathan and Karlsson, Anneli and Magariños, María Paula and Overington, John P. and Papadatos, George and Smit, Ines and Leach, Andrew R.},
	year    = {2017},
	month   = jan,
	pages   = {D945–D954},
}
@article{Li_Wang_Chin_Achenie_Xin_2017,
	title     = {High-throughput screening of bimetallic catalysts enabled by machine learning},
	volume    = {5},
	issn      = {2050-7496},
	url       = {https://pubs.rsc.org/en/content/articlelanding/2017/ta/c7ta01812f},
	doi       = {10.1039/C7TA01812F},
	number    = {46},
	journal   = {Journal of Materials Chemistry A},
	publisher = {The Royal Society of Chemistry},
	author    = {Li, Zheng and Wang, Siwen and Chin, Wei Shan and Achenie, Luke E. and Xin, Hongliang},
	year      = {2017},
	month     = nov,
	pages     = {24131–24138},
	language  = {en},
}
@article{Olivecrona_Blaschke_Engkvist_Chen_2017,
	title    = {Molecular de-novo design through deep reinforcement learning},
	volume   = {9},
	issn     = {1758-2946},
	url      = {https://doi.org/10.1186/s13321-017-0235-x},
	doi      = {10.1186/s13321-017-0235-x},
	number   = {1},
	journal  = {Journal of Cheminformatics},
	author   = {Olivecrona, Marcus and Blaschke, Thomas and Engkvist, Ola and Chen, Hongming},
	year     = {2017},
	month    = sep,
	pages    = {48},
	language = {en},
}
@article{Sanchez-Lengeling_Outeiral_Guimaraes_Aspuru-Guzik_2017,
	title  = {Optimizing distributions over molecular space. An Objective-Reinforced Generative Adversarial Network for Inverse-design Chemistry (ORGANIC)},
	rights = {https://creativecommons.org/licenses/by-nc-nd/4.0/},
	url    = {https://chemrxiv.org/engage/chemrxiv/article-details/60c73d91702a9beea7189bc2},
	doi    = {10.26434/chemrxiv.5309668.v3},
	author = {Sanchez-Lengeling, Benjamin and Outeiral, Carlos and Guimaraes, Gabriel L. and Aspuru-Guzik, Alan},
	year   = {2017},
	month  = aug,
}
@article{Sun_Han_Fu_Qu_Xu_Zheng_2017,
	title    = {Au@Pd/TiO2 with atomically dispersed Pd as highly active catalyst for solvent-free aerobic oxidation of benzyl alcohol},
	volume   = {313},
	issn     = {13858947},
	url      = {https://linkinghub.elsevier.com/retrieve/pii/S1385894716317739},
	doi      = {10.1016/j.cej.2016.12.024},
	journal  = {Chemical Engineering Journal},
	author   = {Sun, Jingya and Han, Yuxiang and Fu, Heyun and Qu, Xiaolei and Xu, Zhaoyi and Zheng, Shourong},
	year     = {2017},
	month    = apr,
	pages    = {1–9},
	language = {en},
}
@inproceedings{Vaswani_Shazeer_Parmar_Uszkoreit_Jones_Gomez_Kaiser_Polosukhin_2017,
	title     = {Attention is All you Need},
	volume    = {30},
	url       = {https://proceedings.neurips.cc/paper_files/paper/2017/hash/3f5ee243547dee91fbd053c1c4a845aa-Abstract.html},
	booktitle = {Advances in Neural Information Processing Systems},
	publisher = {Curran Associates, Inc.},
	author    = {Vaswani, Ashish and Shazeer, Noam and Parmar, Niki and Uszkoreit, Jakob and Jones, Llion and Gomez, Aidan N and Kaiser, Ł ukasz and Polosukhin, Illia},
	year      = {2017},
}
@inproceedings{Zhu_Park_Isola_Efros_2017,
	title  = {Unpaired Image-To-Image Translation Using Cycle-Consistent Adversarial Networks},
	url    = {https://openaccess.thecvf.com/content_iccv_2017/html/Zhu_Unpaired_Image-To-Image_Translation_ICCV_2017_paper.html},
	author = {Zhu, Jun-Yan and Park, Taesung and Isola, Phillip and Efros, Alexei A.},
	year   = {2017},
	pages  = {2223–2232},
}
@article{Bjerrum_Sattarov_2018,
	title    = {Improving Chemical Autoencoder Latent Space and Molecular De Novo Generation Diversity with Heteroencoders},
	volume   = {8},
	rights   = {https://creativecommons.org/licenses/by/4.0/},
	issn     = {2218-273X},
	url      = {http://www.mdpi.com/2218-273X/8/4/131},
	doi      = {10.3390/biom8040131},
	number   = {4},
	journal  = {Biomolecules},
	author   = {Bjerrum, Esben and Sattarov, Boris},
	year     = {2018},
	month    = oct,
	pages    = {131},
	language = {en},
}
@article{Blaschke_Olivecrona_Engkvist_Bajorath_Chen_2018,
	title    = {Application of Generative Autoencoder in De Novo Molecular Design},
	volume   = {37},
	issn     = {1868-1743},
	doi      = {10.1002/minf.201700123},
	number   = {1},
	journal  = {Molecular Informatics},
	author   = {Blaschke, T. and Olivecrona, M. and Engkvist, O. and Bajorath, J. and Chen, H.},
	year     = {2018},
	language = {English},
}
@article{Gómez-Bombarelli_Wei_Duvenaud_Hernández-Lobato_Sánchez-Lengeling_Sheberla_Aguilera-Iparraguirre_Hirzel_Adams_Aspuru-Guzik_2018,
	title     = {Automatic Chemical Design Using a Data-Driven Continuous Representation of Molecules},
	volume    = {4},
	issn      = {2374-7943},
	url       = {https://doi.org/10.1021/acscentsci.7b00572},
	doi       = {10.1021/acscentsci.7b00572},
	number    = {2},
	journal   = {ACS Central Science},
	publisher = {American Chemical Society},
	author    = {Gómez-Bombarelli, Rafael and Wei, Jennifer N. and Duvenaud, David and Hernández-Lobato, José Miguel and Sánchez-Lengeling, Benjamín and Sheberla, Dennis and Aguilera-Iparraguirre, Jorge and Hirzel, Timothy D. and Adams, Ryan P. and Aspuru-Guzik, Alán},
	year      = {2018},
	month     = feb,
	pages     = {268–276},
}
@article{Guimaraes_Sanchez-Lengeling_Outeiral_Farias_Aspuru-Guzik_2018,
	title     = {Objective-Reinforced Generative Adversarial Networks (ORGAN) for Sequence Generation Models},
	url       = {http://arxiv.org/abs/1705.10843},
	doi       = {10.48550/arXiv.1705.10843},
	number    = {arXiv:1705.10843},
	publisher = {arXiv},
	author    = {Guimaraes, Gabriel Lima and Sanchez-Lengeling, Benjamin and Outeiral, Carlos and Farias, Pedro Luis Cunha and Aspuru-Guzik, Alán},
	year      = {2018},
	month     = feb,
}
@article{Huang_Vaswani_Uszkoreit_Shazeer_Simon_Hawthorne_Dai_Hoffman_Dinculescu_Eck_2018,
	title     = {Music Transformer},
	url       = {http://arxiv.org/abs/1809.04281},
	doi       = {10.48550/arXiv.1809.04281},
	number    = {arXiv:1809.04281},
	publisher = {arXiv},
	author    = {Huang, Cheng-Zhi Anna and Vaswani, Ashish and Uszkoreit, Jakob and Shazeer, Noam and Simon, Ian and Hawthorne, Curtis and Dai, Andrew M. and Hoffman, Matthew D. and Dinculescu, Monica and Eck, Douglas},
	year      = {2018},
	month     = dec,
}
@article{Karras_Aila_Laine_Lehtinen_2018,
	title     = {Progressive Growing of GANs for Improved Quality, Stability, and Variation},
	url       = {http://arxiv.org/abs/1710.10196},
	doi       = {10.48550/arXiv.1710.10196},
	number    = {arXiv:1710.10196},
	publisher = {arXiv},
	author    = {Karras, Tero and Aila, Timo and Laine, Samuli and Lehtinen, Jaakko},
	year      = {2018},
	month     = feb,
}
@article{Li_Zhang_Liu_2018,
	title    = {Multi-objective de novo drug design with conditional graph generative model},
	volume   = {10},
	issn     = {1758-2946},
	url      = {https://doi.org/10.1186/s13321-018-0287-6},
	doi      = {10.1186/s13321-018-0287-6},
	number   = {1},
	journal  = {Journal of Cheminformatics},
	author   = {Li, Yibo and Zhang, Liangren and Liu, Zhenming},
	year     = {2018},
	month    = jul,
	pages    = {33},
	language = {en},
}
@article{Putin_Asadulaev_Ivanenkov_Aladinskiy_Sanchez-Lengeling_Aspuru-Guzik_Zhavoronkov_2018,
	title     = {Reinforced Adversarial Neural Computer for de Novo Molecular Design},
	volume    = {58},
	issn      = {1549-9596},
	url       = {https://doi.org/10.1021/acs.jcim.7b00690},
	doi       = {10.1021/acs.jcim.7b00690},
	number    = {6},
	journal   = {Journal of Chemical Information and Modeling},
	publisher = {American Chemical Society},
	author    = {Putin, Evgeny and Asadulaev, Arip and Ivanenkov, Yan and Aladinskiy, Vladimir and Sanchez-Lengeling, Benjamin and Aspuru-Guzik, Alán and Zhavoronkov, Alex},
	year      = {2018},
	month     = jun,
	pages     = {1194–1204},
}
@article{Putin_Asadulaev_Vanhaelen_Ivanenkov_Aladinskaya_Aliper_Zhavoronkov_2018,
	title     = {Adversarial Threshold Neural Computer for Molecular de Novo Design},
	volume    = {15},
	issn      = {1543-8384},
	url       = {https://doi.org/10.1021/acs.molpharmaceut.7b01137},
	doi       = {10.1021/acs.molpharmaceut.7b01137},
	number    = {10},
	journal   = {Molecular Pharmaceutics},
	publisher = {American Chemical Society},
	author    = {Putin, Evgeny and Asadulaev, Arip and Vanhaelen, Quentin and Ivanenkov, Yan and Aladinskaya, Anastasia V. and Aliper, Alex and Zhavoronkov, Alex},
	year      = {2018},
	month     = oct,
	pages     = {4386–4397},
}
@inproceedings{Radford_Narasimhan_2018,
	title  = {Improving Language Understanding by Generative Pre-Training},
	url    = {https://www.semanticscholar.org/paper/Improving-Language-Understanding-by-Generative-Radford-Narasimhan/cd18800a0fe0b668a1cc19f2ec95b5003d0a5035},
	author = {Radford, Alec and Narasimhan, Karthik},
	year   = {2018},
}
@article{Segler_Kogej_Tyrchan_Waller_2018,
	title     = {Generating Focused Molecule Libraries for Drug Discovery with Recurrent Neural Networks},
	volume    = {4},
	issn      = {2374-7943},
	url       = {https://doi.org/10.1021/acscentsci.7b00512},
	doi       = {10.1021/acscentsci.7b00512},
	number    = {1},
	journal   = {ACS Central Science},
	publisher = {American Chemical Society},
	author    = {Segler, Marwin H. S. and Kogej, Thierry and Tyrchan, Christian and Waller, Mark P.},
	year      = {2018},
	month     = jan,
	pages     = {120–131},
}
@article{Shaw_Uszkoreit_Vaswani_2018,
	title     = {Self-Attention with Relative Position Representations},
	url       = {http://arxiv.org/abs/1803.02155},
	doi       = {10.48550/arXiv.1803.02155},
	number    = {arXiv:1803.02155},
	publisher = {arXiv},
	author    = {Shaw, Peter and Uszkoreit, Jakob and Vaswani, Ashish},
	year      = {2018},
	month     = apr,
}
@article{Nathan_Brown_Marco_Fiscato_Marwin_H.S._Segler_Alain_C._Vaucher_2019,
	title    = {GuacaMol: Benchmarking Models for de Novo Molecular Design},
	volume   = {59},
	url      = {https://pubs.acs.org/doi/epdf/10.1021/acs.jcim.8b00839},
	doi      = {10.1021/acs.jcim.8b00839},
	number   = {3},
	journal  = {Journal of Chemical Information and Modeling},
	author   = {Nathan Brown and Marco Fiscato and Marwin H.S. Segler and Alain C. Vaucher},
	year     = {2019},
	month    = mar,
	pages    = {1096–1108},
	language = {en},
}
@article{Prykhodko_Johansson_Kotsias_Arús-Pous_Bjerrum_Engkvist_Chen_2019,
	title    = {A de novo molecular generation method using latent vector based generative adversarial network},
	volume   = {11},
	issn     = {1758-2946},
	url      = {https://jcheminf.biomedcentral.com/articles/10.1186/s13321-019-0397-9},
	doi      = {10.1186/s13321-019-0397-9},
	number   = {1},
	journal  = {Journal of Cheminformatics},
	author   = {Prykhodko, Oleksii and Johansson, Simon Viet and Kotsias, Panagiotis-Christos and Arús-Pous, Josep and Bjerrum, Esben Jannik and Engkvist, Ola and Chen, Hongming},
	year     = {2019},
	month    = dec,
	pages    = {74},
	language = {en},
}
@article{Sachdev_Gupta_2019,
	title   = {A comprehensive review of feature based methods for drug target interaction prediction},
	volume  = {93},
	issn    = {1532-0464},
	url     = {https://www.sciencedirect.com/science/article/pii/S1532046419300772},
	doi     = {10.1016/j.jbi.2019.103159},
	journal = {Journal of Biomedical Informatics},
	author  = {Sachdev, Kanica and Gupta, Manoj Kumar},
	year    = {2019},
	month   = may,
	pages   = {103159},
}
@article{MIT_Technology_Review_2020,
	url   = {https://www.technologyreview.com/10-breakthrough-technologies/2020},
	year  = {2020},
	month = feb,
}
@article{Blaschke_Arús-Pous_Chen_Margreitter_Tyrchan_Engkvist_Papadopoulos_Patronov_2020,
	title    = {REINVENT 2.0: An AI Tool for De Novo Drug Design},
	volume   = {60},
	rights   = {https://doi.org/10.15223/policy-029},
	issn     = {1549-9596, 1549-960X},
	url      = {https://pubs.acs.org/doi/10.1021/acs.jcim.0c00915},
	doi      = {10.1021/acs.jcim.0c00915},
	number   = {12},
	journal  = {Journal of Chemical Information and Modeling},
	author   = {Blaschke, Thomas and Arús-Pous, Josep and Chen, Hongming and Margreitter, Christian and Tyrchan, Christian and Engkvist, Ola and Papadopoulos, Kostas and Patronov, Atanas},
	year     = {2020},
	month    = dec,
	pages    = {5918–5922},
	language = {en},
}
@article{Goodfellow_Pouget-Abadie_Mirza_Xu_Warde-Farley_Ozair_Courville_Bengio_2020,
	title    = {Generative adversarial networks},
	volume   = {63},
	issn     = {0001-0782, 1557-7317},
	url      = {https://dl.acm.org/doi/10.1145/3422622},
	doi      = {10.1145/3422622},
	number   = {11},
	journal  = {Communications of the ACM},
	author   = {Goodfellow, Ian and Pouget-Abadie, Jean and Mirza, Mehdi and Xu, Bing and Warde-Farley, David and Ozair, Sherjil and Courville, Aaron and Bengio, Yoshua},
	year     = {2020},
	month    = oct,
	pages    = {139–144},
	language = {en},
}
@article{Kotsias_Arús-Pous_Chen_Engkvist_Tyrchan_Bjerrum_2020,
	title     = {Direct steering of de novo molecular generation with descriptor conditional recurrent neural networks},
	volume    = {2},
	rights    = {2020 The Author(s), under exclusive licence to Springer Nature Limited},
	issn      = {2522-5839},
	url       = {https://www.nature.com/articles/s42256-020-0174-5},
	doi       = {10.1038/s42256-020-0174-5},
	number    = {5},
	journal   = {Nature Machine Intelligence},
	publisher = {Nature Publishing Group},
	author    = {Kotsias, Panagiotis-Christos and Arús-Pous, Josep and Chen, Hongming and Engkvist, Ola and Tyrchan, Christian and Bjerrum, Esben Jannik},
	year      = {2020},
	month     = may,
	pages     = {254–265},
	language  = {en},
}
@article{Maziarka_Pocha_Kaczmarczyk_Rataj_Danel_Warchoł_2020,
	title    = {Mol-CycleGAN: a generative model for molecular optimization},
	volume   = {12},
	issn     = {1758-2946},
	url      = {https://jcheminf.biomedcentral.com/articles/10.1186/s13321-019-0404-1},
	doi      = {10.1186/s13321-019-0404-1},
	number   = {1},
	journal  = {Journal of Cheminformatics},
	author   = {Maziarka, Łukasz and Pocha, Agnieszka and Kaczmarczyk, Jan and Rataj, Krzysztof and Danel, Tomasz and Warchoł, Michał},
	year     = {2020},
	month    = dec,
	pages    = {2},
	language = {en},
}
@article{Pathak_Laghuvarapu_Mehta_Priyakumar_2020,
	title   = {Chemically Interpretable Graph Interaction Network for Prediction of Pharmacokinetic Properties of Drug-Like Molecules},
	volume  = {34},
	rights  = {https://www.aaai.org},
	issn    = {2374-3468, 2159-5399},
	url     = {https://ojs.aaai.org/index.php/AAAI/article/view/5433},
	doi     = {10.1609/aaai.v34i01.5433},
	number  = {01},
	journal = {Proceedings of the AAAI Conference on Artificial Intelligence},
	author  = {Pathak, Yashaswi and Laghuvarapu, Siddhartha and Mehta, Sarvesh and Priyakumar, U. Deva},
	year    = {2020},
	month   = apr,
	pages   = {873–880},
}
@article{Polykovskiy_Zhebrak_Sanchez-Lengeling_Golovanov_Tatanov_Belyaev_Kurbanov_Artamonov_Aladinskiy_Veselov_et_al._2020,
	title    = {Molecular Sets (MOSES): A Benchmarking Platform for Molecular Generation Models},
	volume   = {11},
	issn     = {1663-9812},
	doi      = {10.3389/fphar.2020.565644},
	journal  = {Frontiers in Pharmacology},
	author   = {Polykovskiy, D. and Zhebrak, A. and Sanchez-Lengeling, B. and Golovanov, S. and Tatanov, O. and Belyaev, S. and Kurbanov, R. and Artamonov, A. and Aladinskiy, V. and Veselov, M. and Kadurin, A. and Johansson, S. and Chen, H. and Nikolenko, S. and Aspuru-Guzik, A. and Zhavoronkov, A.},
	year     = {2020},
	language = {English},
}
@misc{Jake_Tae_2021,
	title   = {Relative Positional Encoding - Jake Tae},
	url     = {https://jaketae.github.io/study/relative-positional-encoding/},
	journal = {Relative Positional Encoding},
	author  = {Jake Tae},
	year    = {2021},
	month   = mar,
}
@article{Mehta_Laghuvarapu_Pathak_Sethi_Alvala_Priyakumar_2021,
	title    = {MEMES: Machine learning framework for Enhanced MolEcular Screening},
	volume   = {12},
	issn     = {2041-6520, 2041-6539},
	url      = {https://xlink.rsc.org/?DOI=D1SC02783B},
	doi      = {10.1039/D1SC02783B},
	number   = {35},
	journal  = {Chemical Science},
	author   = {Mehta, Sarvesh and Laghuvarapu, Siddhartha and Pathak, Yashaswi and Sethi, Aaftaab and Alvala, Mallika and Priyakumar, U. Deva},
	year     = {2021},
	month    = sep,
	pages    = {11710–11721},
	language = {en},
}
@article{Mouchlis_Afantitis_Serra_Fratello_Papadiamantis_Aidinis_Lynch_Greco_Melagraki_2021,
	title     = {Advances in De Novo Drug Design: From Conventional to Machine Learning Methods},
	volume    = {22},
	rights    = {http://creativecommons.org/licenses/by/3.0/},
	issn      = {1422-0067},
	url       = {https://www.mdpi.com/1422-0067/22/4/1676},
	doi       = {10.3390/ijms22041676},
	number    = {44},
	journal   = {International Journal of Molecular Sciences},
	publisher = {Multidisciplinary Digital Publishing Institute},
	author    = {Mouchlis, Varnavas D. and Afantitis, Antreas and Serra, Angela and Fratello, Michele and Papadiamantis, Anastasios G. and Aidinis, Vassilis and Lynch, Iseult and Greco, Dario and Melagraki, Georgia},
	year      = {2021},
	month     = jan,
	pages     = {1676},
	language  = {en},
}
@article{Bagal_Aggarwal_Vinod_Priyakumar_2022,
	title    = {MolGPT: Molecular Generation Using a Transformer-Decoder Model},
	volume   = {62},
	rights   = {https://doi.org/10.15223/policy-029},
	issn     = {1549-9596, 1549-960X},
	url      = {https://pubs.acs.org/doi/10.1021/acs.jcim.1c00600},
	doi      = {10.1021/acs.jcim.1c00600},
	number   = {9},
	journal  = {Journal of Chemical Information and Modeling},
	author   = {Bagal, Viraj and Aggarwal, Rishal and Vinod, P. K. and Priyakumar, U. Deva},
	year     = {2022},
	month    = may,
	pages    = {2064–2076},
	language = {en},
}
@article{Wang_Wang_Sun_Wang_Shen_Weng_Chai_Li_Cao_Hou_2022,
	title   = {Deep learning approaches for de novo drug design: An overview},
	volume  = {72},
	issn    = {0959-440X},
	url     = {https://www.sciencedirect.com/science/article/pii/S0959440X21001433},
	doi     = {10.1016/j.sbi.2021.10.001},
	journal = {Current Opinion in Structural Biology},
	author  = {Wang, Mingyang and Wang, Zhe and Sun, Huiyong and Wang, Jike and Shen, Chao and Weng, Gaoqi and Chai, Xin and Li, Honglin and Cao, Dongsheng and Hou, Tingjun},
	year    = {2022},
	month   = feb,
	pages   = {135–144},
}
@article{Chen_Tan_Foo_He_Zhang_Bulloch_Saw_Li_Morgan_Guo_et_al._2023,
	title   = {Development and Validation of a Model to Predict Who Will Develop Myopia in the Following Year as a Criterion to Define Premyopia},
	volume  = {12},
	issn    = {2162-0989},
	url     = {https://www.sciencedirect.com/science/article/pii/S2162098923007740},
	doi     = {10.1097/APO.0000000000000591},
	number  = {1},
	journal = {Asia-Pacific Journal of Ophthalmology},
	author  = {Chen, Yanxian and Tan, Cheng and Foo, Li-Lian and He, Siyan and Zhang, Jian and Bulloch, Gabriella and Saw, Seang-Mei and Li, Jinying and Morgan, Ian and Guo, Xiaobo and He, Mingguang},
	year    = {2023},
	month   = jan,
	pages   = {38–43},
}
@article{Song_Ren_Wang_Han_Wang_Li_Rodriguez-Patón_2023,
	title   = {DNMG: Deep molecular generative model by fusion of 3D information for de novo drug design},
	volume  = {211},
	issn    = {1046-2023},
	url     = {https://www.sciencedirect.com/science/article/pii/S1046202323000245},
	doi     = {10.1016/j.ymeth.2023.02.001},
	journal = {Methods},
	author  = {Song, Tao and Ren, Yongqi and Wang, Shuang and Han, Peifu and Wang, Lulu and Li, Xue and Rodriguez-Patón, Alfonso},
	year    = {2023},
	month   = mar,
	pages   = {10–22},
}
@article{Wang_Gao_Han_Li_Chen_Rodríguez_Patón_Wang_Zheng_2023,
	title     = {PETrans: De Novo Drug Design with Protein-Specific Encoding Based on Transfer Learning},
	volume    = {24},
	rights    = {http://creativecommons.org/licenses/by/3.0/},
	issn      = {1422-0067},
	url       = {https://www.mdpi.com/1422-0067/24/2/1146},
	doi       = {10.3390/ijms24021146},
	number    = {22},
	journal   = {International Journal of Molecular Sciences},
	publisher = {Multidisciplinary Digital Publishing Institute},
	author    = {Wang, Xun and Gao, Changnan and Han, Peifu and Li, Xue and Chen, Wenqi and Rodríguez Patón, Alfonso and Wang, Shuang and Zheng, Pan},
	year      = {2023},
	month     = jan,
	pages     = {1146},
	language  = {en},
}
